00582cas a22002171a 4500
001 999308523502836
003 Nz
005 20161223153108.0
008 040108d19561961nz  r ne      0   0 eng d
035    $a (Nz)8173685
035    $a (NLNZils)930852
035    $a (NLNZils)930852-ilsdb
035    $a (OCoLC)173422189
040    $a WN $c WN
042    $a nznb
043    $a u-nz---
245 00 $a Newtown news.
260    $a [Wellington, N.Z. : $b s.n., $c 1956-1961]
362 0  $a 1956 Aug.31-1961 Jun.22
651  0 $a Newtown (Wellington, N.Z.) $v Newspapers.
655  7 $a New Zealand newspapers. $2 local $5 Nz
